%YAML 1.1
%TAG !u! tag:unity3d.com,2011:
--- !u!1 &871451993635280653
GameObject:
  m_ObjectHideFlags: 0
  m_CorrespondingSourceObject: {fileID: 0}
  m_PrefabInstance: {fileID: 0}
  m_PrefabAsset: {fileID: 0}
  serializedVersion: 6
  m_Component:
  - component: {fileID: 871451993635280652}
  - component: {fileID: 871451993635280647}
  - component: {fileID: 871451993635280640}
  - component: {fileID: 871451993635280641}
  - component: {fileID: 871451993635280642}
  - component: {fileID: 871451993635280643}
  m_Layer: 0
  m_Name: Cube (1)
  m_TagString: Untagged
  m_Icon: {fileID: 0}
  m_NavMeshLayer: 0
  m_StaticEditorFlags: 0
  m_IsActive: 1
--- !u!4 &871451993635280652
Transform:
  m_ObjectHideFlags: 0
  m_CorrespondingSourceObject: {fileID: 0}
  m_PrefabInstance: {fileID: 0}
  m_PrefabAsset: {fileID: 0}
  m_GameObject: {fileID: 871451993635280653}
  m_LocalRotation: {x: 0.00007680158, y: -0.00047831758, z: 0.38409206, w: 0.9232947}
  m_LocalPosition: {x: 9.3, y: 29.1, z: -0.5}
  m_LocalScale: {x: 2.0368443, y: 2.0368881, z: 1.6388758}
  m_ConstrainProportionsScale: 0
  m_Children: []
  m_Father: {fileID: 871451994283131582}
  m_RootOrder: 0
  m_LocalEulerAnglesHint: {x: 0.029, y: -0.047, z: 45.175}
--- !u!114 &871451993635280647
MonoBehaviour:
  m_ObjectHideFlags: 0
  m_CorrespondingSourceObject: {fileID: 0}
  m_PrefabInstance: {fileID: 0}
  m_PrefabAsset: {fileID: 0}
  m_GameObject: {fileID: 871451993635280653}
  m_Enabled: 1
  m_EditorHideFlags: 0
  m_Script: {fileID: 11500000, guid: 8233d90336aea43098adf6dbabd606a2, type: 3}
  m_Name: 
  m_EditorClassIdentifier: 
  m_MeshFormatVersion: 2
  m_Faces:
  - m_Indexes: 000000000100000002000000010000000300000002000000
    m_SmoothingGroup: 0
    m_Uv:
      m_UseWorldSpace: 0
      m_FlipU: 0
      m_FlipV: 0
      m_SwapUV: 0
      m_Fill: 1
      m_Scale: {x: 1, y: 1}
      m_Offset: {x: 0, y: 0}
      m_Rotation: 0
      m_Anchor: 9
    m_Material: {fileID: 0}
    m_SubmeshIndex: 0
    m_ManualUV: 0
    elementGroup: -1
    m_TextureGroup: -1
  - m_Indexes: 040000000500000006000000050000000700000006000000
    m_SmoothingGroup: 0
    m_Uv:
      m_UseWorldSpace: 0
      m_FlipU: 0
      m_FlipV: 0
      m_SwapUV: 0
      m_Fill: 1
      m_Scale: {x: 1, y: 1}
      m_Offset: {x: 0, y: 0}
      m_Rotation: 0
      m_Anchor: 9
    m_Material: {fileID: 0}
    m_SubmeshIndex: 0
    m_ManualUV: 0
    elementGroup: -1
    m_TextureGroup: -1
  - m_Indexes: 08000000090000000a000000090000000b0000000a000000
    m_SmoothingGroup: 0
    m_Uv:
      m_UseWorldSpace: 0
      m_FlipU: 0
      m_FlipV: 0
      m_SwapUV: 0
      m_Fill: 1
      m_Scale: {x: 1, y: 1}
      m_Offset: {x: 0, y: 0}
      m_Rotation: 0
      m_Anchor: 9
    m_Material: {fileID: 0}
    m_SubmeshIndex: 0
    m_ManualUV: 0
    elementGroup: -1
    m_TextureGroup: -1
  - m_Indexes: 0c0000000d0000000e0000000d0000000f0000000e000000
    m_SmoothingGroup: 0
    m_Uv:
      m_UseWorldSpace: 0
      m_FlipU: 0
      m_FlipV: 0
      m_SwapUV: 0
      m_Fill: 1
      m_Scale: {x: 1, y: 1}
      m_Offset: {x: 0, y: 0}
      m_Rotation: 0
      m_Anchor: 9
    m_Material: {fileID: 0}
    m_SubmeshIndex: 0
    m_ManualUV: 0
    elementGroup: -1
    m_TextureGroup: -1
  - m_Indexes: 100000001100000012000000110000001300000012000000
    m_SmoothingGroup: 0
    m_Uv:
      m_UseWorldSpace: 0
      m_FlipU: 0
      m_FlipV: 0
      m_SwapUV: 0
      m_Fill: 1
      m_Scale: {x: 1, y: 1}
      m_Offset: {x: 0, y: 0}
      m_Rotation: 0
      m_Anchor: 9
    m_Material: {fileID: 0}
    m_SubmeshIndex: 0
    m_ManualUV: 0
    elementGroup: -1
    m_TextureGroup: -1
  - m_Indexes: 140000001500000016000000150000001700000016000000
    m_SmoothingGroup: 0
    m_Uv:
      m_UseWorldSpace: 0
      m_FlipU: 0
      m_FlipV: 0
      m_SwapUV: 0
      m_Fill: 1
      m_Scale: {x: 1, y: 1}
      m_Offset: {x: 0, y: 0}
      m_Rotation: 0
      m_Anchor: 9
    m_Material: {fileID: 0}
    m_SubmeshIndex: 0
    m_ManualUV: 0
    elementGroup: -1
    m_TextureGroup: -1
  m_SharedVertices:
  - m_Vertices: 000000000d00000016000000
  - m_Vertices: 010000000400000017000000
  - m_Vertices: 020000000f00000010000000
  - m_Vertices: 030000000600000011000000
  - m_Vertices: 050000000800000015000000
  - m_Vertices: 070000000a00000013000000
  - m_Vertices: 090000000c00000014000000
  - m_Vertices: 0b0000000e00000012000000
  m_SharedTextures: []
  m_Positions:
  - {x: -5.7878575, y: 0, z: 0.2985916}
  - {x: 0.00000047683716, y: 0, z: 0.2985916}
  - {x: -5.7878575, y: 5.569827, z: 0.2985916}
  - {x: 0.00000047683716, y: 5.569827, z: 0.2985916}
  - {x: 0.00000047683716, y: 0, z: 0.2985916}
  - {x: 0.00000047683716, y: 0, z: 0}
  - {x: 0.00000047683716, y: 5.569827, z: 0.2985916}
  - {x: 0.00000047683716, y: 5.569827, z: 0}
  - {x: 0.00000047683716, y: 0, z: 0}
  - {x: -5.7878575, y: 0, z: 0}
  - {x: 0.00000047683716, y: 5.569827, z: 0}
  - {x: -5.7878575, y: 5.569827, z: 0}
  - {x: -5.7878575, y: 0, z: 0}
  - {x: -5.7878575, y: 0, z: 0.2985916}
  - {x: -5.7878575, y: 5.569827, z: 0}
  - {x: -5.7878575, y: 5.569827, z: 0.2985916}
  - {x: -5.7878575, y: 5.569827, z: 0.2985916}
  - {x: 0.00000047683716, y: 5.569827, z: 0.2985916}
  - {x: -5.7878575, y: 5.569827, z: 0}
  - {x: 0.00000047683716, y: 5.569827, z: 0}
  - {x: -5.7878575, y: 0, z: 0}
  - {x: 0.00000047683716, y: 0, z: 0}
  - {x: -5.7878575, y: 0, z: 0.2985916}
  - {x: 0.00000047683716, y: 0, z: 0.2985916}
  m_Textures0:
  - {x: 5.7878575, y: 0}
  - {x: -0.00000047683716, y: 0}
  - {x: 5.7878575, y: 5.569827}
  - {x: -0.00000047683716, y: 5.569827}
  - {x: 0.2985916, y: 0}
  - {x: 0, y: 0}
  - {x: 0.2985916, y: 5.569827}
  - {x: 0, y: 5.569827}
  - {x: 0.00000047683716, y: 0}
  - {x: -5.7878575, y: 0}
  - {x: 0.00000047683716, y: 5.569827}
  - {x: -5.7878575, y: 5.569827}
  - {x: 0, y: 0}
  - {x: -0.2985916, y: 0}
  - {x: 0, y: 5.569827}
  - {x: -0.2985916, y: 5.569827}
  - {x: -5.7878575, y: 0.2985916}
  - {x: 0.00000047683716, y: 0.2985916}
  - {x: -5.7878575, y: 0}
  - {x: 0.00000047683716, y: 0}
  - {x: 5.7878575, y: 0}
  - {x: -0.00000047683716, y: 0}
  - {x: 5.7878575, y: 0.2985916}
  - {x: -0.00000047683716, y: 0.2985916}
  m_Textures2: []
  m_Textures3: []
  m_Tangents:
  - {x: -1, y: 0, z: 0, w: -1}
  - {x: -1, y: 0, z: 0, w: -1}
  - {x: -1, y: 0, z: 0, w: -1}
  - {x: -1, y: 0, z: 0, w: -1}
  - {x: 0, y: 0, z: 1, w: -1}
  - {x: 0, y: 0, z: 1, w: -1}
  - {x: 0, y: 0, z: 1, w: -1}
  - {x: 0, y: 0, z: 1, w: -1}
  - {x: 1, y: 0, z: 0, w: -1}
  - {x: 1, y: 0, z: 0, w: -1}
  - {x: 1, y: 0, z: 0, w: -1}
  - {x: 1, y: 0, z: 0, w: -1}
  - {x: 0, y: 0, z: -1, w: -1}
  - {x: 0, y: 0, z: -1, w: -1}
  - {x: 0, y: 0, z: -1, w: -1}
  - {x: 0, y: 0, z: -1, w: -1}
  - {x: 1, y: 0, z: 0, w: -1}
  - {x: 1, y: 0, z: 0, w: -1}
  - {x: 1, y: 0, z: 0, w: -1}
  - {x: 1, y: 0, z: 0, w: -1}
  - {x: -1, y: 0, z: 0, w: -1}
  - {x: -1, y: 0, z: 0, w: -1}
  - {x: -1, y: 0, z: 0, w: -1}
  - {x: -1, y: 0, z: 0, w: -1}
  m_Colors: []
  m_UnwrapParameters:
    m_HardAngle: 88
    m_PackMargin: 20
    m_AngleError: 8
    m_AreaError: 15
  m_PreserveMeshAssetOnDestroy: 0
  assetGuid: 
  m_Mesh: {fileID: 0}
  m_VersionIndex: 870
  m_IsSelectable: 1
  m_SelectedFaces: 
  m_SelectedEdges: []
  m_SelectedVertices: 
--- !u!114 &871451993635280640
MonoBehaviour:
  m_ObjectHideFlags: 0
  m_CorrespondingSourceObject: {fileID: 0}
  m_PrefabInstance: {fileID: 0}
  m_PrefabAsset: {fileID: 0}
  m_GameObject: {fileID: 871451993635280653}
  m_Enabled: 1
  m_EditorHideFlags: 0
  m_Script: {fileID: 11500000, guid: 1ca002da428252441b92f28d83c8a65f, type: 3}
  m_Name: 
  m_EditorClassIdentifier: 
  m_Shape:
    rid: 9071258509488422926
  m_Size: {x: -5.787858, y: 5.569827, z: 0.2985916}
  m_Rotation: {x: 0, y: 0, z: 0, w: 1}
  m_PivotLocation: 1
  m_PivotPosition: {x: 0, y: 0, z: 0}
  m_UnmodifiedMeshVersion: 858
  m_ShapeBox:
    m_Center: {x: -2.8939285, y: 2.7849135, z: 0.1492958}
    m_Extent: {x: 2.893929, y: 2.7849135, z: 0.1492958}
  references:
    version: 2
    RefIds:
    - rid: 9071258509488422926
      type: {class: Cube, ns: UnityEngine.ProBuilder.Shapes, asm: Unity.ProBuilder}
--- !u!23 &871451993635280641
MeshRenderer:
  m_ObjectHideFlags: 0
  m_CorrespondingSourceObject: {fileID: 0}
  m_PrefabInstance: {fileID: 0}
  m_PrefabAsset: {fileID: 0}
  m_GameObject: {fileID: 871451993635280653}
  m_Enabled: 1
  m_CastShadows: 1
  m_ReceiveShadows: 1
  m_DynamicOccludee: 1
  m_StaticShadowCaster: 0
  m_MotionVectors: 1
  m_LightProbeUsage: 1
  m_ReflectionProbeUsage: 1
  m_RayTracingMode: 2
  m_RayTraceProcedural: 0
  m_RenderingLayerMask: 1
  m_RendererPriority: 0
  m_Materials:
  - {fileID: 2100000, guid: 21f627543d6638348b3022fce0387e90, type: 2}
  m_StaticBatchInfo:
    firstSubMesh: 0
    subMeshCount: 0
  m_StaticBatchRoot: {fileID: 0}
  m_ProbeAnchor: {fileID: 0}
  m_LightProbeVolumeOverride: {fileID: 0}
  m_ScaleInLightmap: 1
  m_ReceiveGI: 1
  m_PreserveUVs: 0
  m_IgnoreNormalsForChartDetection: 0
  m_ImportantGI: 0
  m_StitchLightmapSeams: 1
  m_SelectedEditorRenderState: 2
  m_MinimumChartSize: 4
  m_AutoUVMaxDistance: 0.5
  m_AutoUVMaxAngle: 89
  m_LightmapParameters: {fileID: 0}
  m_SortingLayerID: 0
  m_SortingLayer: 0
  m_SortingOrder: 0
  m_AdditionalVertexStreams: {fileID: 0}
--- !u!33 &871451993635280642
MeshFilter:
  m_ObjectHideFlags: 0
  m_CorrespondingSourceObject: {fileID: 0}
  m_PrefabInstance: {fileID: 0}
  m_PrefabAsset: {fileID: 0}
  m_GameObject: {fileID: 871451993635280653}
  m_Mesh: {fileID: 0}
--- !u!64 &871451993635280643
MeshCollider:
  m_ObjectHideFlags: 0
  m_CorrespondingSourceObject: {fileID: 0}
  m_PrefabInstance: {fileID: 0}
  m_PrefabAsset: {fileID: 0}
  m_GameObject: {fileID: 871451993635280653}
  m_Material: {fileID: 0}
  m_IsTrigger: 0
  m_Enabled: 1
  serializedVersion: 4
  m_Convex: 0
  m_CookingOptions: 30
  m_Mesh: {fileID: 0}
--- !u!1 &871451994283131556
GameObject:
  m_ObjectHideFlags: 0
  m_CorrespondingSourceObject: {fileID: 0}
  m_PrefabInstance: {fileID: 0}
  m_PrefabAsset: {fileID: 0}
  serializedVersion: 6
  m_Component:
  - component: {fileID: 871451994283131582}
  - component: {fileID: 871451994283131583}
  - component: {fileID: 871451994283131576}
  - component: {fileID: 871451994283131577}
  - component: {fileID: 871451994283131578}
  - component: {fileID: 871451994283131579}
  - component: {fileID: 5291531882301540382}
  m_Layer: 0
  m_Name: Cartel Chico
  m_TagString: Untagged
  m_Icon: {fileID: 0}
  m_NavMeshLayer: 0
  m_StaticEditorFlags: 0
  m_IsActive: 1
--- !u!4 &871451994283131582
Transform:
  m_ObjectHideFlags: 0
  m_CorrespondingSourceObject: {fileID: 0}
  m_PrefabInstance: {fileID: 0}
  m_PrefabAsset: {fileID: 0}
  m_GameObject: {fileID: 871451994283131556}
  m_LocalRotation: {x: -0, y: -0, z: -0, w: 1}
  m_LocalPosition: {x: 10, y: 0.7, z: 29.800001}
  m_LocalScale: {x: 0.7890016, y: 0.7917598, z: 0.98232}
  m_ConstrainProportionsScale: 0
  m_Children:
  - {fileID: 871451993635280652}
  m_Father: {fileID: 0}
  m_RootOrder: 0
  m_LocalEulerAnglesHint: {x: 0, y: 0, z: 0}
--- !u!114 &871451994283131583
MonoBehaviour:
  m_ObjectHideFlags: 0
  m_CorrespondingSourceObject: {fileID: 0}
  m_PrefabInstance: {fileID: 0}
  m_PrefabAsset: {fileID: 0}
  m_GameObject: {fileID: 871451994283131556}
  m_Enabled: 1
  m_EditorHideFlags: 0
  m_Script: {fileID: 11500000, guid: 8233d90336aea43098adf6dbabd606a2, type: 3}
  m_Name: 
  m_EditorClassIdentifier: 
  m_MeshFormatVersion: 2
  m_Faces:
  - m_Indexes: 000000000100000002000000010000000300000002000000
    m_SmoothingGroup: 1
    m_Uv:
      m_UseWorldSpace: 0
      m_FlipU: 0
      m_FlipV: 0
      m_SwapUV: 0
      m_Fill: 1
      m_Scale: {x: 1, y: 1}
      m_Offset: {x: 0, y: 0}
      m_Rotation: 0
      m_Anchor: 9
    m_Material: {fileID: 0}
    m_SubmeshIndex: 0
    m_ManualUV: 0
    elementGroup: -1
    m_TextureGroup: -1
  - m_Indexes: 040000000500000006000000050000000700000006000000
    m_SmoothingGroup: 1
    m_Uv:
      m_UseWorldSpace: 0
      m_FlipU: 0
      m_FlipV: 0
      m_SwapUV: 0
      m_Fill: 1
      m_Scale: {x: 1, y: 1}
      m_Offset: {x: 0, y: 0}
      m_Rotation: 0
      m_Anchor: 9
    m_Material: {fileID: 0}
    m_SubmeshIndex: 0
    m_ManualUV: 0
    elementGroup: -1
    m_TextureGroup: -1
  - m_Indexes: 08000000090000000a000000090000000b0000000a000000
    m_SmoothingGroup: 1
    m_Uv:
      m_UseWorldSpace: 0
      m_FlipU: 0
      m_FlipV: 0
      m_SwapUV: 0
      m_Fill: 1
      m_Scale: {x: 1, y: 1}
      m_Offset: {x: 0, y: 0}
      m_Rotation: 0
      m_Anchor: 9
    m_Material: {fileID: 0}
    m_SubmeshIndex: 0
    m_ManualUV: 0
    elementGroup: -1
    m_TextureGroup: -1
  - m_Indexes: 0c0000000d0000000e0000000d0000000f0000000e000000
    m_SmoothingGroup: 1
    m_Uv:
      m_UseWorldSpace: 0
      m_FlipU: 0
      m_FlipV: 0
      m_SwapUV: 0
      m_Fill: 1
      m_Scale: {x: 1, y: 1}
      m_Offset: {x: 0, y: 0}
      m_Rotation: 0
      m_Anchor: 9
    m_Material: {fileID: 0}
    m_SubmeshIndex: 0
    m_ManualUV: 0
    elementGroup: -1
    m_TextureGroup: -1
  - m_Indexes: 100000001100000012000000110000001300000012000000
    m_SmoothingGroup: 1
    m_Uv:
      m_UseWorldSpace: 0
      m_FlipU: 0
      m_FlipV: 0
      m_SwapUV: 0
      m_Fill: 1
      m_Scale: {x: 1, y: 1}
      m_Offset: {x: 0, y: 0}
      m_Rotation: 0
      m_Anchor: 9
    m_Material: {fileID: 0}
    m_SubmeshIndex: 0
    m_ManualUV: 0
    elementGroup: -1
    m_TextureGroup: -1
  - m_Indexes: 140000001500000016000000150000001700000016000000
    m_SmoothingGroup: 1
    m_Uv:
      m_UseWorldSpace: 0
      m_FlipU: 0
      m_FlipV: 0
      m_SwapUV: 0
      m_Fill: 1
      m_Scale: {x: 1, y: 1}
      m_Offset: {x: 0, y: 0}
      m_Rotation: 0
      m_Anchor: 9
    m_Material: {fileID: 0}
    m_SubmeshIndex: 0
    m_ManualUV: 0
    elementGroup: -1
    m_TextureGroup: -1
  - m_Indexes: 1a0000001900000018000000
    m_SmoothingGroup: 0
    m_Uv:
      m_UseWorldSpace: 0
      m_FlipU: 0
      m_FlipV: 0
      m_SwapUV: 0
      m_Fill: 1
      m_Scale: {x: 1, y: 1}
      m_Offset: {x: 0, y: 0}
      m_Rotation: 0
      m_Anchor: 9
    m_Material: {fileID: 2100000, guid: c22777d6e868e4f2fb421913386b154e, type: 2}
    m_SubmeshIndex: 0
    m_ManualUV: 0
    elementGroup: 0
    m_TextureGroup: -1
  - m_Indexes: 200000001f0000001e000000
    m_SmoothingGroup: 0
    m_Uv:
      m_UseWorldSpace: 0
      m_FlipU: 0
      m_FlipV: 0
      m_SwapUV: 0
      m_Fill: 1
      m_Scale: {x: 1, y: 1}
      m_Offset: {x: 0, y: 0}
      m_Rotation: 0
      m_Anchor: 9
    m_Material: {fileID: 2100000, guid: c22777d6e868e4f2fb421913386b154e, type: 2}
    m_SubmeshIndex: 0
    m_ManualUV: 0
    elementGroup: 0
    m_TextureGroup: -1
  - m_Indexes: 260000002500000024000000
    m_SmoothingGroup: 0
    m_Uv:
      m_UseWorldSpace: 0
      m_FlipU: 0
      m_FlipV: 0
      m_SwapUV: 0
      m_Fill: 1
      m_Scale: {x: 1, y: 1}
      m_Offset: {x: 0, y: 0}
      m_Rotation: 0
      m_Anchor: 9
    m_Material: {fileID: 2100000, guid: c22777d6e868e4f2fb421913386b154e, type: 2}
    m_SubmeshIndex: 0
    m_ManualUV: 0
    elementGroup: 0
    m_TextureGroup: -1
  - m_Indexes: 2c0000002b0000002a000000
    m_SmoothingGroup: 0
    m_Uv:
      m_UseWorldSpace: 0
      m_FlipU: 0
      m_FlipV: 0
      m_SwapUV: 0
      m_Fill: 1
      m_Scale: {x: 1, y: 1}
      m_Offset: {x: 0, y: 0}
      m_Rotation: 0
      m_Anchor: 9
    m_Material: {fileID: 2100000, guid: c22777d6e868e4f2fb421913386b154e, type: 2}
    m_SubmeshIndex: 0
    m_ManualUV: 0
    elementGroup: 0
    m_TextureGroup: -1
  - m_Indexes: 320000003100000030000000
    m_SmoothingGroup: 0
    m_Uv:
      m_UseWorldSpace: 0
      m_FlipU: 0
      m_FlipV: 0
      m_SwapUV: 0
      m_Fill: 1
      m_Scale: {x: 1, y: 1}
      m_Offset: {x: 0, y: 0}
      m_Rotation: 0
      m_Anchor: 9
    m_Material: {fileID: 2100000, guid: c22777d6e868e4f2fb421913386b154e, type: 2}
    m_SubmeshIndex: 0
    m_ManualUV: 0
    elementGroup: 0
    m_TextureGroup: -1
  - m_Indexes: 380000003700000036000000
    m_SmoothingGroup: 0
    m_Uv:
      m_UseWorldSpace: 0
      m_FlipU: 0
      m_FlipV: 0
      m_SwapUV: 0
      m_Fill: 1
      m_Scale: {x: 1, y: 1}
      m_Offset: {x: 0, y: 0}
      m_Rotation: 0
      m_Anchor: 9
    m_Material: {fileID: 2100000, guid: c22777d6e868e4f2fb421913386b154e, type: 2}
    m_SubmeshIndex: 0
    m_ManualUV: 0
    elementGroup: 0
    m_TextureGroup: -1
  - m_Indexes: 1b0000001c0000001d000000
    m_SmoothingGroup: 0
    m_Uv:
      m_UseWorldSpace: 0
      m_FlipU: 0
      m_FlipV: 0
      m_SwapUV: 0
      m_Fill: 1
      m_Scale: {x: 1, y: 1}
      m_Offset: {x: 0, y: 0}
      m_Rotation: 0
      m_Anchor: 9
    m_Material: {fileID: 2100000, guid: c22777d6e868e4f2fb421913386b154e, type: 2}
    m_SubmeshIndex: 0
    m_ManualUV: 0
    elementGroup: 0
    m_TextureGroup: -1
  - m_Indexes: 210000002200000023000000
    m_SmoothingGroup: 0
    m_Uv:
      m_UseWorldSpace: 0
      m_FlipU: 0
      m_FlipV: 0
      m_SwapUV: 0
      m_Fill: 1
      m_Scale: {x: 1, y: 1}
      m_Offset: {x: 0, y: 0}
      m_Rotation: 0
      m_Anchor: 9
    m_Material: {fileID: 2100000, guid: c22777d6e868e4f2fb421913386b154e, type: 2}
    m_SubmeshIndex: 0
    m_ManualUV: 0
    elementGroup: 0
    m_TextureGroup: -1
  - m_Indexes: 270000002800000029000000
    m_SmoothingGroup: 0
    m_Uv:
      m_UseWorldSpace: 0
      m_FlipU: 0
      m_FlipV: 0
      m_SwapUV: 0
      m_Fill: 1
      m_Scale: {x: 1, y: 1}
      m_Offset: {x: 0, y: 0}
      m_Rotation: 0
      m_Anchor: 9
    m_Material: {fileID: 2100000, guid: c22777d6e868e4f2fb421913386b154e, type: 2}
    m_SubmeshIndex: 0
    m_ManualUV: 0
    elementGroup: 0
    m_TextureGroup: -1
  - m_Indexes: 2d0000002e0000002f000000
    m_SmoothingGroup: 0
    m_Uv:
      m_UseWorldSpace: 0
      m_FlipU: 0
      m_FlipV: 0
      m_SwapUV: 0
      m_Fill: 1
      m_Scale: {x: 1, y: 1}
      m_Offset: {x: 0, y: 0}
      m_Rotation: 0
      m_Anchor: 9
    m_Material: {fileID: 2100000, guid: c22777d6e868e4f2fb421913386b154e, type: 2}
    m_SubmeshIndex: 0
    m_ManualUV: 0
    elementGroup: 0
    m_TextureGroup: -1
  - m_Indexes: 330000003400000035000000
    m_SmoothingGroup: 0
    m_Uv:
      m_UseWorldSpace: 0
      m_FlipU: 0
      m_FlipV: 0
      m_SwapUV: 0
      m_Fill: 1
      m_Scale: {x: 1, y: 1}
      m_Offset: {x: 0, y: 0}
      m_Rotation: 0
      m_Anchor: 9
    m_Material: {fileID: 2100000, guid: c22777d6e868e4f2fb421913386b154e, type: 2}
    m_SubmeshIndex: 0
    m_ManualUV: 0
    elementGroup: 0
    m_TextureGroup: -1
  - m_Indexes: 390000003a0000003b000000
    m_SmoothingGroup: 0
    m_Uv:
      m_UseWorldSpace: 0
      m_FlipU: 0
      m_FlipV: 0
      m_SwapUV: 0
      m_Fill: 1
      m_Scale: {x: 1, y: 1}
      m_Offset: {x: 0, y: 0}
      m_Rotation: 0
      m_Anchor: 9
    m_Material: {fileID: 2100000, guid: c22777d6e868e4f2fb421913386b154e, type: 2}
    m_SubmeshIndex: 0
    m_ManualUV: 0
    elementGroup: 0
    m_TextureGroup: -1
  m_SharedVertices:
  - m_Vertices: 00000000160000001800000038000000
  - m_Vertices: 01000000170000001b0000003b000000
  - m_Vertices: 02000000040000001a0000001e000000
  - m_Vertices: 03000000050000001d00000021000000
  - m_Vertices: 06000000080000002000000024000000
  - m_Vertices: 07000000090000002300000027000000
  - m_Vertices: 0a0000000c000000260000002a000000
  - m_Vertices: 0b0000000d000000290000002d000000
  - m_Vertices: 0e000000100000002c00000030000000
  - m_Vertices: 0f000000110000002f00000033000000
  - m_Vertices: 12000000140000003200000036000000
  - m_Vertices: 13000000150000003500000039000000
  - m_Vertices: 190000001f000000250000002b0000003100000037000000
  - m_Vertices: 1c00000022000000280000002e000000340000003a000000
  m_SharedTextures: []
  m_Positions:
  - {x: 1.7949691, y: 0.0000019073486, z: -0.56910706}
  - {x: 1.7949691, y: 35.221214, z: -0.56910706}
  - {x: 1.3462269, y: 0.0000019073486, z: -0.07624915}
  - {x: 1.3462269, y: 35.221214, z: -0.07624915}
  - {x: 1.3462269, y: 0.0000019073486, z: -0.07624915}
  - {x: 1.3462269, y: 35.221214, z: -0.07624915}
  - {x: 0.44874257, y: 0.0000019073486, z: -0.07624921}
  - {x: 0.44874257, y: 35.221214, z: -0.07624921}
  - {x: 0.44874257, y: 0.0000019073486, z: -0.07624921}
  - {x: 0.44874257, y: 35.221214, z: -0.07624921}
  - {x: 0.00000047683716, y: 0.0000019073486, z: -0.5691071}
  - {x: 0.00000047683716, y: 35.221214, z: -0.5691071}
  - {x: 0.00000047683716, y: 0.0000019073486, z: -0.5691071}
  - {x: 0.00000047683716, y: 35.221214, z: -0.5691071}
  - {x: 0.44874272, y: 0.0000019073486, z: -1.061965}
  - {x: 0.44874272, y: 35.221214, z: -1.061965}
  - {x: 0.44874272, y: 0.0000019073486, z: -1.061965}
  - {x: 0.44874272, y: 35.221214, z: -1.061965}
  - {x: 1.3462268, y: 0.0000019073486, z: -1.061965}
  - {x: 1.3462268, y: 35.221214, z: -1.061965}
  - {x: 1.3462268, y: 0.0000019073486, z: -1.061965}
  - {x: 1.3462268, y: 35.221214, z: -1.061965}
  - {x: 1.7949691, y: 0.0000019073486, z: -0.56910706}
  - {x: 1.7949691, y: 35.221214, z: -0.56910706}
  - {x: 1.7949691, y: 0.0000019073486, z: -0.56910706}
  - {x: 0.8974848, y: 0.0000019073486, z: -0.56910706}
  - {x: 1.3462269, y: 0.0000019073486, z: -0.07624915}
  - {x: 1.7949691, y: 35.221214, z: -0.56910706}
  - {x: 0.8974848, y: 35.221214, z: -0.56910706}
  - {x: 1.3462269, y: 35.221214, z: -0.07624915}
  - {x: 1.3462269, y: 0.0000019073486, z: -0.07624915}
  - {x: 0.8974848, y: 0.0000019073486, z: -0.56910706}
  - {x: 0.44874257, y: 0.0000019073486, z: -0.07624921}
  - {x: 1.3462269, y: 35.221214, z: -0.07624915}
  - {x: 0.8974848, y: 35.221214, z: -0.56910706}
  - {x: 0.44874257, y: 35.221214, z: -0.07624921}
  - {x: 0.44874257, y: 0.0000019073486, z: -0.07624921}
  - {x: 0.8974848, y: 0.0000019073486, z: -0.56910706}
  - {x: 0.00000047683716, y: 0.0000019073486, z: -0.5691071}
  - {x: 0.44874257, y: 35.221214, z: -0.07624921}
  - {x: 0.8974848, y: 35.221214, z: -0.56910706}
  - {x: 0.00000047683716, y: 35.221214, z: -0.5691071}
  - {x: 0.00000047683716, y: 0.0000019073486, z: -0.5691071}
  - {x: 0.8974848, y: 0.0000019073486, z: -0.56910706}
  - {x: 0.44874272, y: 0.0000019073486, z: -1.061965}
  - {x: 0.00000047683716, y: 35.221214, z: -0.5691071}
  - {x: 0.8974848, y: 35.221214, z: -0.56910706}
  - {x: 0.44874272, y: 35.221214, z: -1.061965}
  - {x: 0.44874272, y: 0.0000019073486, z: -1.061965}
  - {x: 0.8974848, y: 0.0000019073486, z: -0.56910706}
  - {x: 1.3462268, y: 0.0000019073486, z: -1.061965}
  - {x: 0.44874272, y: 35.221214, z: -1.061965}
  - {x: 0.8974848, y: 35.221214, z: -0.56910706}
  - {x: 1.3462268, y: 35.221214, z: -1.061965}
  - {x: 1.3462268, y: 0.0000019073486, z: -1.061965}
  - {x: 0.8974848, y: 0.0000019073486, z: -0.56910706}
  - {x: 1.7949691, y: 0.0000019073486, z: -0.56910706}
  - {x: 1.3462268, y: 35.221214, z: -1.061965}
  - {x: 0.8974848, y: 35.221214, z: -0.56910706}
  - {x: 1.7949691, y: 35.221214, z: -0.56910706}
  m_Textures0:
  - {x: -1.6292552, y: 0.0000019073486}
  - {x: -1.6292552, y: 35.221214}
  - {x: -0.962713, y: 0.0000019073486}
  - {x: -0.962713, y: 35.221214}
  - {x: -1.3462269, y: 0.0000019073486}
  - {x: -1.3462269, y: 35.221214}
  - {x: -0.44874257, y: 0.0000019073486}
  - {x: -0.44874257, y: 35.221214}
  - {x: -0.2457304, y: 0.0000019073486}
  - {x: -0.2457304, y: 35.221214}
  - {x: 0.4208117, y: 0.0000019073486}
  - {x: 0.4208117, y: 35.221214}
  - {x: 0.42081228, y: 0.0000019073486}
  - {x: 0.42081228, y: 35.221214}
  - {x: 1.0873544, y: 0.0000019073486}
  - {x: 1.0873544, y: 35.221214}
  - {x: 0.44874272, y: 0.0000019073486}
  - {x: 0.44874272, y: 35.221214}
  - {x: 1.3462268, y: 0.0000019073486}
  - {x: 1.3462268, y: 35.221214}
  - {x: 0.12108912, y: 0.0000019073486}
  - {x: 0.12108912, y: 35.221214}
  - {x: 0.7876314, y: 0.0000019073486}
  - {x: 0.7876314, y: 35.221214}
  - {x: -1.7949691, y: -0.56910706}
  - {x: -0.8974848, y: -0.56910706}
  - {x: -1.3462269, y: -0.07624915}
  - {x: 1.7949691, y: -0.56910706}
  - {x: 0.8974848, y: -0.56910706}
  - {x: 1.3462269, y: -0.07624915}
  - {x: -1.3462269, y: -0.07624915}
  - {x: -0.8974848, y: -0.56910706}
  - {x: -0.44874257, y: -0.07624921}
  - {x: 1.3462269, y: -0.07624915}
  - {x: 0.8974848, y: -0.56910706}
  - {x: 0.44874257, y: -0.07624921}
  - {x: -0.44874257, y: -0.07624921}
  - {x: -0.8974848, y: -0.56910706}
  - {x: -0.00000047683716, y: -0.5691071}
  - {x: 0.44874257, y: -0.07624921}
  - {x: 0.8974848, y: -0.56910706}
  - {x: 0.00000047683716, y: -0.5691071}
  - {x: -0.00000047683716, y: -0.5691071}
  - {x: -0.8974848, y: -0.56910706}
  - {x: -0.44874272, y: -1.061965}
  - {x: 0.00000047683716, y: -0.5691071}
  - {x: 0.8974848, y: -0.56910706}
  - {x: 0.44874272, y: -1.061965}
  - {x: -0.44874272, y: -1.061965}
  - {x: -0.8974848, y: -0.56910706}
  - {x: -1.3462268, y: -1.061965}
  - {x: 0.44874272, y: -1.061965}
  - {x: 0.8974848, y: -0.56910706}
  - {x: 1.3462268, y: -1.061965}
  - {x: -1.3462268, y: -1.061965}
  - {x: -0.8974848, y: -0.56910706}
  - {x: -1.7949691, y: -0.56910706}
  - {x: 1.3462268, y: -1.061965}
  - {x: 0.8974848, y: -0.56910706}
  - {x: 1.7949691, y: -0.56910706}
  m_Textures2: []
  m_Textures3: []
  m_Tangents:
  - {x: 0.00000008060945, y: 0, z: 1, w: -1}
  - {x: 0.00000008060945, y: 0, z: 1, w: -1}
  - {x: -0.9146691, y: 0, z: 0.40420356, w: -1}
  - {x: -0.9146691, y: 0, z: 0.40420356, w: -1}
  - {x: -0.91466904, y: 0, z: 0.4042036, w: -1}
  - {x: -0.91466904, y: 0, z: 0.4042036, w: -1}
  - {x: -0.9146691, y: 0, z: -0.40420362, w: -1}
  - {x: -0.9146691, y: 0, z: -0.40420362, w: -1}
  - {x: -0.91466904, y: 0, z: -0.40420362, w: -1}
  - {x: -0.91466904, y: 0, z: -0.40420362, w: -1}
  - {x: 0.00000008060945, y: 0, z: -1, w: -1}
  - {x: 0.00000008060945, y: 0, z: -1, w: -1}
  - {x: 0.00000008060946, y: 0, z: -1, w: -1}
  - {x: 0.00000008060946, y: 0, z: -1, w: -1}
  - {x: 0.9146691, y: 0, z: -0.4042035, w: -1}
  - {x: 0.9146691, y: 0, z: -0.4042035, w: -1}
  - {x: 0.9146691, y: 0, z: -0.4042035, w: -1}
  - {x: 0.9146691, y: 0, z: -0.4042035, w: -1}
  - {x: 0.9146691, y: 0, z: 0.4042035, w: -1}
  - {x: 0.9146691, y: 0, z: 0.4042035, w: -1}
  - {x: 0.9146691, y: 0, z: 0.4042035, w: -1}
  - {x: 0.9146691, y: 0, z: 0.4042035, w: -1}
  - {x: 0, y: 0, z: 1, w: -1}
  - {x: 0, y: 0, z: 1, w: -1}
  - {x: -1, y: 0, z: 0, w: -1}
  - {x: -1, y: 0, z: 0, w: -1}
  - {x: -1, y: 0, z: 0, w: -1}
  - {x: 1, y: 0, z: 0, w: -1}
  - {x: 1, y: 0, z: 0, w: -1}
  - {x: 1, y: 0, z: 0, w: -1}
  - {x: -1, y: 0, z: 0, w: -1}
  - {x: -1, y: 0, z: 0, w: -1}
  - {x: -1, y: 0, z: 0, w: -1}
  - {x: 1, y: 0, z: 0, w: -1}
  - {x: 1, y: 0, z: 0, w: -1}
  - {x: 1, y: 0, z: 0, w: -1}
  - {x: -1, y: 0, z: 0, w: -1}
  - {x: -1, y: 0, z: 0, w: -1}
  - {x: -1, y: 0, z: 0, w: -1}
  - {x: 1, y: 0, z: 0, w: -1}
  - {x: 1, y: 0, z: 0, w: -1}
  - {x: 1, y: 0, z: 0, w: -1}
  - {x: -1, y: 0, z: 0, w: -1}
  - {x: -1, y: 0, z: 0, w: -1}
  - {x: -1, y: 0, z: 0, w: -1}
  - {x: 1, y: 0, z: 0, w: -1}
  - {x: 1, y: 0, z: 0, w: -1}
  - {x: 1, y: 0, z: 0, w: -1}
  - {x: -1, y: 0, z: 0, w: -1}
  - {x: -1, y: 0, z: 0, w: -1}
  - {x: -1, y: 0, z: 0, w: -1}
  - {x: 1, y: 0, z: 0, w: -1}
  - {x: 1, y: 0, z: 0, w: -1}
  - {x: 1, y: 0, z: 0, w: -1}
  - {x: -1, y: 0, z: 0, w: -1}
  - {x: -1, y: 0, z: 0, w: -1}
  - {x: -1, y: 0, z: 0, w: -1}
  - {x: 1, y: 0, z: 0, w: -1}
  - {x: 1, y: 0, z: 0, w: -1}
  - {x: 1, y: 0, z: 0, w: -1}
  m_Colors: []
  m_UnwrapParameters:
    m_HardAngle: 88
    m_PackMargin: 20
    m_AngleError: 8
    m_AreaError: 15
  m_PreserveMeshAssetOnDestroy: 0
  assetGuid: 
  m_Mesh: {fileID: 0}
  m_VersionIndex: 1578
  m_IsSelectable: 1
  m_SelectedFaces: 
  m_SelectedEdges: []
  m_SelectedVertices: 
--- !u!114 &871451994283131576
MonoBehaviour:
  m_ObjectHideFlags: 0
  m_CorrespondingSourceObject: {fileID: 0}
  m_PrefabInstance: {fileID: 0}
  m_PrefabAsset: {fileID: 0}
  m_GameObject: {fileID: 871451994283131556}
  m_Enabled: 1
  m_EditorHideFlags: 0
  m_Script: {fileID: 11500000, guid: 1ca002da428252441b92f28d83c8a65f, type: 3}
  m_Name: 
  m_EditorClassIdentifier: 
  m_Shape:
    rid: 9071258464593117185
  m_Size: {x: 1.7949686, y: 35.22121, z: -1.1382065}
  m_Rotation: {x: 0, y: 0, z: 0, w: 1}
  m_PivotLocation: 1
  m_PivotPosition: {x: 0, y: 0, z: 0}
  m_UnmodifiedMeshVersion: 1557
  m_ShapeBox:
    m_Center: {x: 0.8974848, y: 17.610607, z: -0.56910706}
    m_Extent: {x: 0.8974843, y: 17.610605, z: -0.56910324}
  references:
    version: 2
    RefIds:
    - rid: 9071258464593117185
      type: {class: Cylinder, ns: UnityEngine.ProBuilder.Shapes, asm: Unity.ProBuilder}
      data:
        m_AxisDivisions: 6
        m_HeightCuts: 0
        m_Smooth: 1
--- !u!23 &871451994283131577
MeshRenderer:
  m_ObjectHideFlags: 0
  m_CorrespondingSourceObject: {fileID: 0}
  m_PrefabInstance: {fileID: 0}
  m_PrefabAsset: {fileID: 0}
  m_GameObject: {fileID: 871451994283131556}
  m_Enabled: 1
  m_CastShadows: 1
  m_ReceiveShadows: 1
  m_DynamicOccludee: 1
  m_StaticShadowCaster: 0
  m_MotionVectors: 1
  m_LightProbeUsage: 1
  m_ReflectionProbeUsage: 1
  m_RayTracingMode: 2
  m_RayTraceProcedural: 0
  m_RenderingLayerMask: 1
  m_RendererPriority: 0
  m_Materials:
  - {fileID: 2100000, guid: 721f8e7cbea411741ad3a780193ece3e, type: 2}
  m_StaticBatchInfo:
    firstSubMesh: 0
    subMeshCount: 0
  m_StaticBatchRoot: {fileID: 0}
  m_ProbeAnchor: {fileID: 0}
  m_LightProbeVolumeOverride: {fileID: 0}
  m_ScaleInLightmap: 1
  m_ReceiveGI: 1
  m_PreserveUVs: 0
  m_IgnoreNormalsForChartDetection: 0
  m_ImportantGI: 0
  m_StitchLightmapSeams: 1
  m_SelectedEditorRenderState: 2
  m_MinimumChartSize: 4
  m_AutoUVMaxDistance: 0.5
  m_AutoUVMaxAngle: 89
  m_LightmapParameters: {fileID: 0}
  m_SortingLayerID: 0
  m_SortingLayer: 0
  m_SortingOrder: 0
  m_AdditionalVertexStreams: {fileID: 0}
--- !u!33 &871451994283131578
MeshFilter:
  m_ObjectHideFlags: 0
  m_CorrespondingSourceObject: {fileID: 0}
  m_PrefabInstance: {fileID: 0}
  m_PrefabAsset: {fileID: 0}
  m_GameObject: {fileID: 871451994283131556}
  m_Mesh: {fileID: 0}
--- !u!64 &871451994283131579
MeshCollider:
  m_ObjectHideFlags: 0
  m_CorrespondingSourceObject: {fileID: 0}
  m_PrefabInstance: {fileID: 0}
  m_PrefabAsset: {fileID: 0}
  m_GameObject: {fileID: 871451994283131556}
  m_Material: {fileID: 0}
  m_IsTrigger: 0
  m_Enabled: 1
  serializedVersion: 4
  m_Convex: 0
  m_CookingOptions: 30
  m_Mesh: {fileID: 0}
--- !u!65 &5291531882301540382
BoxCollider:
  m_ObjectHideFlags: 0
  m_CorrespondingSourceObject: {fileID: 0}
  m_PrefabInstance: {fileID: 0}
  m_PrefabAsset: {fileID: 0}
  m_GameObject: {fileID: 871451994283131556}
  m_Material: {fileID: 0}
  m_IsTrigger: 1
  m_Enabled: 1
  serializedVersion: 2
  m_Size: {x: 17.81406, y: 38.212204, z: 0.98571587}
  m_Center: {x: 0.9941346, y: 19.106102, z: -0.5691071}
